%% TFGs y TFMs

@mastersthesis{TFG_Miguel,
  author = 	 {Miguel Antunes},
  title = 	 {Sistema de visión estereo aplicado a la detección y seguimiento de objetos en conducción autonoma},
  school = 	 {UAH Politécnica},
  year = 	 {2021},
  type =	 {Trabajo de Fin de Grado},
}


% Papers