%%
%% $Id: biblio.bib,v 1.6 2015/01/23 22:44:45 macias Exp $
%%
(2003): "", In EUROSPEECH-2003, 501-504.


@InProceedings{armani03,
  author = 	 {Luca Armani and Marco Matassoni and Maurizio Omologo and Piergiorgio Svaizer },
  title = 	 {Use of a CSP-based voice activity detector for distant-talking ASR},
  OPTcrossref =  {},
  OPTkey = 	 {},
  booktitle = {European Conference on Speech Communication and Technology},
  pages = 	 {501-504},
  year = 	 {2003},
  OPTeditor = 	 {},
  OPTvolume = 	 {},
  OPTnumber = 	 {},
  OPTseries = 	 {},
  OPTaddress = 	 {},
  OPTmonth = 	 {},
  OPTorganization = {},
  OPTpublisher = {},
  OPTnote = 	 {},
  OPTannote = 	 {}
}

@InProceedings{lathoud04,
  author = 	 {G. Lathoud and I.A. McCowan and J.M. Odobez},
  title = 	 {Unsupervised location-based segmentation of multi-party speech},
  OPTcrossref =  {},
  OPTkey = 	 {},
  booktitle = {NIST ICASSP Meeting Recognition Workshop},
  OPTpages = 	 {},
  year = 	 {2004},
  OPTeditor = 	 {},
  OPTvolume = 	 {},
  OPTnumber = 	 {},
  OPTseries = 	 {},
  OPTaddress = 	 {},
  OPTmonth = 	 {},
  OPTorganization = {},
  OPTpublisher = {},
  OPTnote = 	 {},
  OPTannote = 	 {}
}

@Article{ward03,
  author = 	 {Darren B. Ward and Eric A. Lehmann and Robert C. Williamson},
  title = 	 {Particle Filtering Algorithms for Tracking an Acoustic Source in a Reverberant Environment},
  journal = 	 {IEEE Transactions on Speech and Audio Processing},
  year = 	 2003,
  volume =	 {SAP-11},
  number =	 6,
  pages =	 {826-836},
  month =	 {November}
}

@Article{knapp76,
  author = 	 {C. Knapp and G. Carter},
  title = 	 {The Generalized correlation method for estimation of time delay},
  journal = 	 {IEEE Transactions on Acoustics, Speech and Signal Processing},
  year = 	 1976,
  volume =	 {ASSP-24},
  number =	 4,
  pages =	 {320-327},
  month =	 {August}
}

@Article{cox86,
  author = 	 {H. Cox and R. Zeskind and I. Kooji},
  title = 	 {Practical Supergain},
  journal = 	 {IEEE Transactions on Acoustics, Speech and Signal Processing},
  year = 	 1986,
  volume =	 {ASSP-34},
  number =	 3,
  pages =	 {393-397},
  month =	 {June}
}

@Article{marro98,
  author = 	 {C. Marro and Y. Mahieus and K.U. Simmer},
  title = 	 {Analysis of noise reduction and dereverberation techniques based on microphone arrays with postfiltering},
  journal = 	 {IEEE Transactions on Speech and Audio Processing},
  year = 	 1988,
  volume =	 {ASSP-6},
  number =	 3,
  pages =	 {240-259},
  month =	 {May}
}


@Article{cox87,
  author = 	 {H. Cox and R. Zeskind and M. Owen},
  title = 	 {Robust adaptive beamforming},
  journal = 	 {IEEE Transactions on Acoustics, Speech and Signal Processing},
  year = 	 1987,
  volume =	 {ASSP-35},
  number =	 10,
  pages =	 {1365-1376},
  month =	 {October}
}

@Article{griffiths82,
  author = 	 {L. Griffiths and C. Jim},
  title = 	 {An alternative approach to linearly constrained adaptive beamforming},
  journal = 	 {IEEE Transactions on Acoustics, Speech and Signal Processing},
  year = 	 1987,
  volume =	 {ASSP-35},
  number =	 10,
  pages =	 {1365-1376},
  month =	 {October}
}


@Book{brandstein01,
  ALTauthor = 	 {},
  editor = 	 {Michael Brandstein and Darren Ward},
  title = 	 {Microphone Arrays : Signal Processing Techniques and Applications },
  publisher = 	 {Springer},
  year = 	 {2001},
  OPTkey = 	 {},
  OPTvolume = 	 {},
  OPTnumber = 	 {},
  OPTseries = 	 {},
  OPTaddress = 	 {},
  OPTedition = 	 {},
  OPTmonth = 	 {},
  OPTnote = 	 {},
  OPTannote = 	 {}
}


@InProceedings{gelbart02,
  author = 	 {David Gelbart and Nelson Morgan},
  title = 	 {Double the Trouble: Handling Noise and Reverberation in Far-Field Automatic Speech Recognition },
  OPTcrossref =  {},
  OPTkey = 	 {},
  booktitle = {International Conference on Spoken Language Processing (ICSLP)},
  OPTpages = 	 {},
  year = 	 {2002},
  OPTeditor = 	 {},
  OPTvolume = 	 {},
  OPTnumber = 	 {},
  OPTseries = 	 {},
  OPTaddress = 	 {},
  OPTmonth = 	 {},
  OPTorganization = {},
  OPTpublisher = {},
  OPTnote = 	 {},
  OPTannote = 	 {}
}


@Book{herbordt05,
  author = 	 {Wolfgang Herbordt},
  title = 	 {Sound capture for human/machine interfaces - 
Practical aspects of microphone array signal processing},
  publisher = 	 {Springer, Heidelberg, Germany},
  year = 	 {2005},
  OPTkey = 	 {},
  OPTvolume = 	 {},
  OPTnumber = 	 {},
  OPTseries = 	 {},
  OPTaddress = 	 {},
  OPTedition = 	 {},
  month = 	 {March},
  OPTnote = 	 {},
  OPTannote = 	 {}
}

@PhdThesis{seltzer03,
  author = 	 {Michael L. Seltzer},
  title = 	 {Microphone Array Processing for Robust Speech Recognition},
  school = 	 {Carnegie Mellon University},
  year = 	 {2003},
  OPTkey = 	 {},
  OPTtype = 	 {},
  OPTaddress = 	 {},
  OPTmonth = 	 {},
  OPTnote = 	 {},
  OPTannote = 	 {}
}
@PhdThesis{dibiase00,
  author = 	 {Joseph Hector DiBiase},
  title = 	 {A High-Accuracy, Low-Latency Technique for Talker Localization in Reverberant Environments Using Microphone Arrays},
  school = 	 {Brown University},
  year = 	 {2000},
  OPTkey = 	 {},
  OPTtype = 	 {},
  OPTaddress = 	 {},
  OPTmonth = 	 {},
  OPTnote = 	 {},
  OPTannote = 	 {}
}

@TechReport{kochkin02,
  author = 	 {Sergei Kochkin and Tim Wickstrom},
  title = 	 {Headsets, Far Field and Handheld Microphones: Their Impact on Continuous Speech Recognition},
  institution =  {EMKAY, a division of Knowles Electronics},
  year = 	 {2002},
  OPTkey = 	 {},
  OPTtype = 	 {},
  OPTnumber = 	 {},
  OPTaddress = 	 {},
  OPTmonth = 	 {},
  OPTnote = 	 {},
  OPTannote = 	 {}
}

@Article{davis80,
  author = 	 {Steven B. Davis and Paul Mermelstein},
  title = 	 {Comparison of Parametric Representatations for Monosyllabic Word Recognition in Continuosly Spoken Sentences},
  journal = 	 {IEEE Transactions on Acoustics, Speech and Signal Processing},
  year = 	 1980,
  volume =	 {ASSP-28},
  number =	 4,
  pages =	 {357-366},
  month =	 {August}
}
@Article{hermansky94,
  author = 	 {Hynek Hermansky and Nelson Morgan},
  title = 	 {Rasta Processing of Speech},
  journal = 	 {IEEE Transaction on Speech and Audio Processing},
  year = 	 1994,
  volume =	 2,
  number =	  4,
  pages =	 {587-589},
  month =	 {October}
}
@Article{takayuki96,
  author = 	 {Takayuki Arai and Hynek Hermansky and Carlos Avendano},
  title = 	 {Intelligibility of Speech with Filtered Time Trajectories of Spectral Envelopes},
  journal = 	 {Proc. ICSLP'96},
  year = 	 1996,
  pages =	 {2490-2493},
  month =	 {October}
}
@Article{furui86,
  author = 	 {Sadaoki Furui},
  title = 	 {Speaker-Independent Isolated Word Recognition Using Dynamic Features of Speech Spectrun },
  journal = 	 {IEEE Transactions on Acoustics, Speech and Signal processing},
  year = 	 1986,
  volume =	 {ASSPS-34},
  number =	 1,
  pages =	 {52-59},
  month =	 {February}
}
@Manual{nelson90,
  title = 	 {Document Preparation with \LaTeX},
  author =	 {Sam Nelson},
  organization = {University Of Stirling},
  month =	 {October},
  year =	 1990
}
@Book{o'shaughnessy50,
  author =	 {Douglas O'Shaughnessy},
  title = 	 {Speech Communication Human and Machine},
  publisher = 	 {Addison-Wesley},
  year = 	 1950,
  series =	 {Electrical Engineering: Digital Signal Processing}
}
@PhdThesis{cordoba95,
  author = 	 {Ricardo de Córdoba Herralde},
  title = 	 {Sistemas de reconocimiento de habla continua y aislada: comparación y optimización de los sistemas de modelado y parametrización},
  school = 	 {ETSIT, UPM},
  year = 	 1995,
  type =	 {Tesis doctoral}
}
@PhdThesis{guarasa92,
  author = 	 {Javier Macías Guarasa},
  title = 	 {Desarrollo de un sistema de reconocimiento de palabras aisladas, de gran vocabulario, dependiente del locutor, en tiempo real sobre PC},
  school = 	 {ETSIT, UPM},
  year = 	 1992,
  type =	 {Proyecto Fin de Carrera},
  address =	 {Madrid}
}
@Misc{isip,
  note =	 {\url{http://www.isip.msstate.edu/projects/speech/index.html} [Último acceso 1/noviembre/2013]},
  title =	 {Página de ISIP (Institute for Signal and Information Processing, universidad de Mississippi)}
}
@Misc{cmu,
  note =	 {\url{http://www.speech.cs.cmu.edu} [Último acceso 1/noviembre/2013]},
  title =	 {Página de CMU (Carnegie Melon University)}
}

@Misc{cslu,
  note =	 {\url{http://cslu.cse.ogi.edu} [Último acceso 1/noviembre/2013]},
  title =	 {Página de CSLU (Center for Spoken Language Understanding) de OGI (Oregon Graduate Institute of Science and Technology)}
}

@Misc{asp,
  note =	 {\url{http://www.asp.ogi.edu} [Último acceso 1/noviembre/2013]},
  title =	 {Página del grupo ASP de OGI (Oregon Graduate Institute of Science and Technology)}
}

@Misc{fftw,
  note =	 {\url{http://www.fftw.org} [Último acceso 1/noviembre/2013]},
  title =	 {Página sobre FFT}
}

@Misc{djbfft,
  note =	 {\url{http://cr.yp.to/djbfft.html} [Último acceso 1/noviembre/2013]},
  title =	 {Página sobre FFT}
}

@Misc{icsi,
  note =	 {\url{http://www.icsi.berkeley.edu} [Último acceso 1/noviembre/2013]},
  title =	 {Página de ICSI (International Computer Science Institute) de Berkeley (California)}
}

@Misc{octave,
  note =	 {\url{http://www.octave.org} [Último acceso 1/noviembre/2013]},
  title =	 {Página de la aplicación Octave}
}

@Misc{kdevelop,
  note =	 {\url{http://www.kdevelop.org} [Último acceso 1/noviembre/2013]},
  title =	 {Página de la aplicación KDevelop}
}


@Misc{cvs,
  note =	 {\url{http://savannah.nongnu.org/projects/cvs/} [Último acceso 1/noviembre/2013]},
  title =	 {Página de la aplicación CVS}
}

@Misc{make,
  note =	 {\url{http://savannah.gnu.org/projects/make/} [Último acceso 1/noviembre/2013]},
  title =	 {Página de la aplicación make}
}

@Misc{emacs,
  note =	 {\url{http://savannah.gnu.org/projects/emacs/} [Último acceso 1/noviembre/2013]},
  title =	 {Página de la aplicación emacs}
}

@Misc{gcc,
  note =	 {\url{http://savannah.gnu.org/projects/gcc/} [Último acceso 1/noviembre/2013]},
  title =	 {Página de la aplicación gcc}
}


@Misc{latexdiff,
  note =	 {\url{http://www.ctan.org/pkg/latexdiff} [Último acceso 22/enero/2015]},
  title =	 {Página de \texttt{latexdiff} en CTAN}
}

@Misc{git-latexdiff,
  note =	 {\url{https://gitorious.org/git-latexdiff} [Último acceso 22/enero/2015]},
  title =	 {Página de \texttt{git-latexdiff} en gitorious}
}



@Misc{gnulinux,
  note =	 {\url{http://es.wikipedia.org/wiki/GNU/Linux} [Último acceso 1/noviembre/2013]},
  title =	 {Información sobre GNU/Linux en wikipedia}
}

@Book{lamport94,
  author =	 {Leslie Lamport},
  title = 	 {LaTeX: A Document Preparation System, 2nd edition},
  publisher = 	 {Addison Wesley Professional},
  year = 	 1994,
  series =	 {}
}



@Misc{av163,
  OPTkey = 	 {},
  OPTauthor = 	 {},
  note = 	 {\url{http://mmm.idiap.ch/Lathoud/av16.3\_v6/} [Último acceso 1/noviembre/2013]},
  howpublished = {},
  OPTmonth = 	 {},
  OPTyear = 	 {},
  title = 	 {AV16.3: an Audio-Visual Corpus for Speaker Localization and Tracking}
}

@Misc{ami,
  OPTkey = 	 {},
  OPTauthor = 	 {},
  note = 	 {\url{http://www.idiap.ch/amicorpus} [Último acceso 1/noviembre/2013]},
  howpublished = {},
  OPTmonth = 	 {},
  OPTyear = 	 {},
  title = 	 {AMI Meeting corpus},
  OPTannote = 	 {}
}

@MastersThesis{varma02,
  author = 	 {Krishnaraj Varma},
  title = 	 {Time-Delay-Estimate Based Direction-of-Arrival Estimation for Speech in Reverberant Environments},
  school = 	 {Virginia Polytechnic Institute and State University},
  year = 	 {2002},
  OPTkey = 	 {},
  OPTtype = 	 {},
  OPTaddress = 	 {},
  OPTmonth = 	 {},
  OPTnote = 	 {},
  OPTannote = 	 {}
}

@Misc{chil,
  OPTkey = 	 {},
  OPTauthor = 	 {},
  note = 	 {\url{http://chil.server.de/servlet/is/2712/} [Último acceso 1/noviembre/2013]},
  howpublished = {},
  OPTmonth = 	 {},
  OPTyear = 	 {},
  title = 	 {D7.4 Evaluation Packages for the First CHIL Evaluation Campaign}
}


@Misc{cmumultimic,
  OPTkey = 	 {},
  author = 	 {Tom Sullivan},
  note = 	 {\url{http://www.speech.cs.cmu.edu/databases/micarray/index.html} [Último acceso 1/noviembre/2013]},
  howpublished = {},
  OPTmonth = 	 {},
  OPTyear = 	 {},
  title = 	 {CMU Microphone Array Database},
  OPTannote = 	 {}
}


@Misc{icsimrdigits,
  OPTkey = 	 {},
  OPTauthor = 	 {},
  note = 	 {\url{http://www.icsi.berkeley.edu/Speech/papers/multimic/} [Último acceso 1/noviembre/2013]},
  howpublished = {},
  OPTmonth = 	 {},
  OPTyear = 	 {},
  title = 	 {ICSI Meeting Recorder Digits Corpus},
  OPTannote = 	 {}
}


@Misc{texis,
  OPTkey = 	 {},
  OPTauthor = 	 {},
  note = 	 {\url{http://gaia.fdi.ucm.es/projects/texis/} [Último acceso 1/diciembre/2013]},
  howpublished = {},
  OPTmonth = 	 {},
  OPTyear = 	 {},
  title = 	 {TeXiS: Una plantilla de LaTeX para Tesis y otros documentos},
  OPTannote = 	 {}
}

@TECHREPORT{moore2002,
  author = {Darren C. Moore},
  title = {The IDIAP Smart Meeting Room},
  institution = {IDIAP Research Institute, Switzerland},
  year = {2004},
  month = {November},
  OPTurl = {http://publications.idiap.ch/downloads/reports/2002/com02-07.pdf}
}

